@article{perez2009understanding,
  title     = {Understanding synergy in genetic interactions},
  author    = {P{\'e}rez-P{\'e}rez, Jos{\'e} Manuel and Candela, H{\'e}ctor and Micol, Jos{\'e} Luis},
  journal   = {Trends in genetics},
  volume    = {25},
  number    = {8},
  pages     = {368--376},
  year      = {2009},
  publisher = {Elsevier}
}

@book{miglani2010developmental,
  title     = {Developmental Genetics},
  author    = {Miglani, Gurbachan S},
  year      = {2010},
  publisher = {IK International Pvt Ltd}
}

